@misc{TSPGeeksforgeeks,
    author={Geeksforgeeks}, 
    title={Traveling Salesman Problem using Genetic Algorithm},
    howpublished={\href{https://www.geeksforgeeks.org/traveling-salesman-problem-using-genetic-algorithm/}{Link to source}},
    year={2023},
    note={Accessed 2024-01-05}
}


@misc{Elitismsource,
    author={Eric Stoltz},
    title={Evolution of a salesman: A complete genetic algorithm tutorial for Python},
    howpublished={\href{https://towardsdatascience.com/evolution-of-a-salesman-a-complete-genetic-algorithm-tutorial-for-python-6fe5d2b3ca35}{Link to source}},
    year={2018},
    note={Accessed 2024-01-05}

}

@misc{MutationSource,
    author={Tutorialspoint},
    title={Genetic Algorithms - Mutation},
    howpublished={\href{https://www.tutorialspoint.com/genetic_algorithms/genetic_algorithms_mutation.htm}{Link to source}},
    note={Accessed 2024-01-08}

}

@misc{CrossoverSource,
    author={Tutorialspoint},
    title={Genetic Algorithms - Crossover},
    howpublished={\href{https://www.tutorialspoint.com/genetic_algorithms/genetic_algorithms_crossover.htm}{Link to source}},
    note={Accessed 2024-01-08}

}

@misc{att48Data,
    title={Data for the Traveling Salesperson Problem},
    howpublished={\href{https://people.sc.fsu.edu/~jburkardt/datasets/tsp/tsp.html}{Link to source}},
    note={Accessed 2024-01-05}

}

@misc{DatasetSource,
    howpublished={\href{http://comopt.ifi.uni-heidelberg.de/software/TSPLIB95/tsp/}{Link to source}},
    note={Accessed 2024-01-05}

}
